<?xml version="1.0" encoding="UTF-8"?>
<record xmlns="info:lc/xmlns/marcxchange-v1" xsi:schemaLocation="http://www.loc.gov/standards/iso25577/marcxchange-1-1.xsd" xmlns:xsi="http://www.w3.org/2001/XMLSchema-instance">
    <leader>00000n    2200000   4500</leader>
    <datafield tag="001" ind1="0" ind2="0">
        <subfield code="a">54243677</subfield>
        <subfield code="b">870970</subfield>
        <subfield code="c">20181124102259</subfield>
        <subfield code="d">20180621</subfield>
        <subfield code="f">a</subfield>
    </datafield>
    <datafield tag="004" ind1="0" ind2="0">
        <subfield code="r">n</subfield>
        <subfield code="a">b</subfield>
    </datafield>
    <datafield tag="008" ind1="0" ind2="0">
        <subfield code="t">s</subfield>
        <subfield code="u">f</subfield>
        <subfield code="a">2018</subfield>
        <subfield code="v">0</subfield>
    </datafield>
    <datafield tag="014" ind1="0" ind2="0">
        <subfield code="a">53514316</subfield>
    </datafield>
    <datafield tag="021" ind1="0" ind2="0">
        <subfield code="e">9788702264005</subfield>
        <subfield code="c">hf.</subfield>
    </datafield>
    <datafield tag="032" ind1="0" ind2="0">
        <subfield code="x">ACC201825</subfield>
        <subfield code="a">DBF201830</subfield>
        <subfield code="x">BKM201830</subfield>
    </datafield>
    <datafield tag="245" ind1="0" ind2="0">
        <subfield code="a">Gisles saga</subfield>
        <subfield code="f">oversat af Kirsten Wolf</subfield>
        <subfield code="a">Kormaks saga</subfield>
        <subfield code="f">oversat af Finn Hansen</subfield>
        <subfield code="a">Sagaen om Bjørn, helten fra Hiddal</subfield>
        <subfield code="f">oversat af Kirsten Wolf</subfield>
        <subfield code="a">Gunløg Slangetunges saga</subfield>
        <subfield code="f">oversat af Rolf Stavnem</subfield>
        <subfield code="a">Halfreds saga</subfield>
        <subfield code="f">oversat af Rolf Stavnem</subfield>
    </datafield>
    <datafield tag="250" ind1="0" ind2="0">
        <subfield code="a">1. udgave</subfield>
        <subfield code="b">÷</subfield>
    </datafield>
    <datafield tag="260" ind1="0" ind2="0">
        <subfield code="c">2018</subfield>
    </datafield>
    <datafield tag="300" ind1="0" ind2="0">
        <subfield code="a">315 sider</subfield>
    </datafield>
    <datafield tag="521" ind1="0" ind2="0">
        <subfield code="b">1. oplag</subfield>
        <subfield code="c">2018</subfield>
    </datafield>
    <datafield tag="720" ind1="0" ind2="0">
        <subfield code="o">Kirsten Wolf</subfield>
        <subfield code="4">trl</subfield>
    </datafield>
    <datafield tag="720" ind1="0" ind2="0">
        <subfield code="o">Finn Hansen</subfield>
        <subfield code="4">trl</subfield>
    </datafield>
    <datafield tag="720" ind1="0" ind2="0">
        <subfield code="o">Rolf Stavnem</subfield>
        <subfield code="4">trl</subfield>
    </datafield>
    <datafield tag="720" ind1="0" ind2="0">
        <subfield code="o">Steen Frimodt</subfield>
        <subfield code="4">ctg</subfield>
    </datafield>
    <datafield tag="990" ind1="0" ind2="0">
        <subfield code="o">201830</subfield>
        <subfield code="b">v</subfield>
        <subfield code="u">nt</subfield>
    </datafield>
    <datafield tag="991" ind1="0" ind2="0">
        <subfield code="o">Onlineversion optaget i denne uges BKM (5 422 788 4)</subfield>
    </datafield>
    <datafield tag="996" ind1="0" ind2="0">
        <subfield code="a">DBC</subfield>
    </datafield>
</record>
